%! Author = julih
%! Date = 20/jul/2021

